<?xml version="1.0" encoding="UTF-8"?><collection xmlns="http://www.loc.gov/MARC21/slim"><record><leader>00461nam--2200145-i-4500</leader><controlfield tag="001">000026176</controlfield><controlfield tag="002">20161230</controlfield><controlfield tag="005">20161230201036</controlfield><controlfield tag="008">060222s1000------------r-----000-0-eng-d</controlfield><datafield ind1=" " ind2=" " tag="080"><subfield code="a">550.836</subfield></datafield><datafield ind1=" " ind2=" " tag="100"><subfield code="a">Kappelmeyer, O.And Haenel, R</subfield></datafield><datafield ind1=" " ind2=" " tag="245"><subfield code="a">Geothermics with special reference to application. with 123 fig</subfield></datafield><datafield ind1=" " ind2=" " tag="260"><subfield code="a">Berlin, Gebruder Borntraeger, 1974, X + 238p</subfield></datafield><datafield ind1=" " ind2=" " tag="490"><subfield code="a">Geopublication Associates. Geoexploration. Monographs, Series 1</subfield></datafield><datafield ind1=" " ind2=" " tag="852"><subfield code="a">48243</subfield></datafield></record></collection>